%% This BibTeX bibliography file was created using BibDesk.
%% http://bibdesk.sourceforge.net/

%% Created for nguyen duy hung at 2017-03-08 14:52:27 +0700 


%% Saved with string encoding Unicode (UTF-8) 



@misc{Wikipedi2016a,
	Author = {Wikipedia},
	Note = {[Online; accessed 18-April-2016]},
	Owner = {somsak},
	Timestamp = {2016.04.18},
	Title = {LaTeX/Source Code Listings},
	Url = {https://en.wikibooks.org/wiki/LaTeX/Source_Code_Listings},
	Year = {2016},
	Bdsk-Url-1 = {https://en.wikibooks.org/wiki/LaTeX/Source_Code_Listings}}